%% This BibTeX bibliography file was created using BibDesk.
%% https://bibdesk.sourceforge.io/

%% Created for Samuel Johnson at 2024-07-26 11:05:00 -0700


%% Saved with string encoding Unicode (UTF-8)



@article{myers2001stock,
	author = {R. A. Myers},
	date-added = {2024-07-26 11:04:59 -0700},
	date-modified = {2024-07-26 11:04:59 -0700},
	journal = {ICES Journal of Marine Science: Journal du Conseil},
	number = {5},
	pages = {937--951},
	publisher = {Oxford University Press},
	title = {\href{https://doi.org/10.1006/jmsc.2001.1109}{Stock and recruitment: Generalizations about maximum reproductive rate, density dependence, and variability using meta-analytic approaches}},
	volume = {58},
	year = {2001},
	bdsk-file-1 = {YnBsaXN0MDDSAQIDBFxyZWxhdGl2ZVBhdGhYYm9va21hcmtfEEEuLi8uLi8uLi8uLi8uLi8uLi8uLi9MaWJyYXJ5L1BhcGVycy9NeWVycy8yMDAxL215ZXJzMjAwMXN0b2NrLnBkZk8RBFBib29rUAQAAAAABBAwAAAAAAAAAAAAAAAAAAAAAAAAAAAAAAAAAAAAAAAAAAAAAABMAwAABQAAAAEBAABVc2VycwAAAAoAAAABAQAAc2Ruam9obnNvbgAABAAAAAEBAABXb3JrBwAAAAEBAABMaWJyYXJ5AAYAAAABAQAAUGFwZXJzAAAFAAAAAQEAAE15ZXJzAAAABAAAAAEBAAAyMDAxEgAAAAEBAABteWVyczIwMDFzdG9jay5wZGYAACAAAAABBgAABAAAABQAAAAoAAAANAAAAEQAAABUAAAAZAAAAHAAAAAIAAAABAMAALlcAAAAAAAACAAAAAQDAACTogMAAAAAAAgAAAAEAwAAGd8FAAAAAAAIAAAABAMAAHuiMwAAAAAACAAAAAQDAAB9ojMAAAAAAAgAAAAEAwAAGqMzAAAAAAAIAAAABAMAAByjMwAAAAAACAAAAAQDAAAdozMAAAAAACAAAAABBgAAtAAAAMQAAADUAAAA5AAAAPQAAAAEAQAAFAEAACQBAAAIAAAAAAQAAEG8h3WDAAAAGAAAAAECAAABAAAAAAAAAA8AAAAAAAAAAAAAAAAAAAAIAAAABAMAAAYAAAAAAAAABAAAAAMDAAD1AQAACAAAAAEJAABmaWxlOi8vLwoAAAABAQAAcGlzY2F0b3JlbQAACAAAAAQDAAAAkIKW5wAAAAgAAAAABAAAQcUHeqAAAAAkAAAAAQEAAEI3RkZENzMxLUNDN0YtNDdGOC04OERCLUE4NzBCNDEzQkM1RRgAAAABAgAAgQAAAAEAAADvEwAAAQAAAAAAAAAAAAAAAQAAAAEBAAAvAAAAAAAAAAEFAAD1AAAAAQIAADA5MWNjYjg1YjUzMzQwZDkwMzJkOGY4ZTBkMTNlZGZhODEzZjZiODgyNzk0NjBmZDhiMmIxZWVmYjk0YzIxZDk7MDA7MDAwMDAwMDA7MDAwMDAwMDA7MDAwMDAwMDA7MDAwMDAwMDAwMDAwMDAyMDtjb20uYXBwbGUuYXBwLXNhbmRib3gucmVhZC13cml0ZTswMTswMTAwMDAwZTswMDAwMDAwMDAwMzNhMzFkOzAxOy91c2Vycy9zZG5qb2huc29uL3dvcmsvbGlicmFyeS9wYXBlcnMvbXllcnMvMjAwMS9teWVyczIwMDFzdG9jay5wZGYAAAAAzAAAAP7///8BAAAAAAAAABAAAAAEEAAAjAAAAAAAAAAFEAAANAEAAAAAAAAQEAAAbAEAAAAAAABAEAAAXAEAAAAAAAACIAAAOAIAAAAAAAAFIAAAqAEAAAAAAAAQIAAAuAEAAAAAAAARIAAA7AEAAAAAAAASIAAAzAEAAAAAAAATIAAA3AEAAAAAAAAgIAAAGAIAAAAAAAAwIAAARAIAAAAAAAABwAAAjAEAAAAAAAARwAAAFAAAAAAAAAASwAAAnAEAAAAAAACA8AAATAIAAAAAAAAACAANABoAIwBnAAAAAAAAAgEAAAAAAAAABQAAAAAAAAAAAAAAAAAABLs=}}

@article{hsu2024probable,
	author = {J. Hsu and Y.-J. Chang and J. Brodziak and M. Kai and A. E. Punt},
	date-added = {2024-07-26 11:04:45 -0700},
	date-modified = {2024-07-26 11:04:45 -0700},
	journal = {ICES Journal of Marine Science},
	number = {4},
	pages = {748--759},
	publisher = {Oxford University Press},
	title = {\href{https://doi.org/10.1093/icesjms/fsae030}{On the probable distribution of stock-recruitment resilience of {Pacific} saury (\emph{{Cololabis} saira}) in the {Northwest} {Pacific} {Ocean}}},
	volume = {81},
	year = {2024},
	bdsk-file-1 = {YnBsaXN0MDDSAQIDBFxyZWxhdGl2ZVBhdGhYYm9va21hcmtfEDwuLi8uLi8uLi8uLi8uLi8uLi8uLi9MaWJyYXJ5L1BhcGVycy9oc3UvMjAyNC9oc3UyMDI0b24gYS5wZGZPEQRAYm9va0AEAAAAAAQQMAAAAAAAAAAAAAAAAAAAAAAAAAAAAAAAAAAAAAAAAAAAAAAAPAMAAAUAAAABAQAAVXNlcnMAAAAKAAAAAQEAAHNkbmpvaG5zb24AAAQAAAABAQAAV29yawcAAAABAQAATGlicmFyeQAGAAAAAQEAAFBhcGVycwAAAwAAAAEBAABoc3UABAAAAAEBAAAyMDI0DwAAAAEBAABoc3UyMDI0b24gYS5wZGYAIAAAAAEGAAAEAAAAFAAAACgAAAA0AAAARAAAAFQAAABgAAAAbAAAAAgAAAAEAwAAuVwAAAAAAAAIAAAABAMAAJOiAwAAAAAACAAAAAQDAAAZ3wUAAAAAAAgAAAAEAwAAe6IzAAAAAAAIAAAABAMAAH2iMwAAAAAACAAAAAQDAADIaHcIAAAAAAgAAAAEAwAAyWh3CAAAAAAIAAAABAMAALj3OwgAAAAAIAAAAAEGAACsAAAAvAAAAMwAAADcAAAA7AAAAPwAAAAMAQAAHAEAAAgAAAAABAAAQcYSTH2rtSsYAAAAAQIAAAEAAAAAAAAADwAAAAAAAAAAAAAAAAAAAAgAAAAEAwAABgAAAAAAAAAEAAAAAwMAAPUBAAAIAAAAAQkAAGZpbGU6Ly8vCgAAAAEBAABwaXNjYXRvcmVtAAAIAAAABAMAAACQgpbnAAAACAAAAAAEAABBxQd6oAAAACQAAAABAQAAQjdGRkQ3MzEtQ0M3Ri00N0Y4LTg4REItQTg3MEI0MTNCQzVFGAAAAAECAACBAAAAAQAAAO8TAAABAAAAAAAAAAAAAAABAAAAAQEAAC8AAAAAAAAAAQUAAPAAAAABAgAAN2ZmM2NlMWY5MWYzZjg0YmMyMTU2OTI5MjYxMTAwMWQ2MTc2NzA1YTJmNTA3NTNlMGYzNThkMGFmODUzZjYwNzswMDswMDAwMDAwMDswMDAwMDAwMDswMDAwMDAwMDswMDAwMDAwMDAwMDAwMDIwO2NvbS5hcHBsZS5hcHAtc2FuZGJveC5yZWFkLXdyaXRlOzAxOzAxMDAwMDBlOzAwMDAwMDAwMDgzYmY3Yjg7MDE7L3VzZXJzL3NkbmpvaG5zb24vd29yay9saWJyYXJ5L3BhcGVycy9oc3UvMjAyNC9oc3UyMDI0b24gYS5wZGYAzAAAAP7///8BAAAAAAAAABAAAAAEEAAAhAAAAAAAAAAFEAAALAEAAAAAAAAQEAAAZAEAAAAAAABAEAAAVAEAAAAAAAACIAAAMAIAAAAAAAAFIAAAoAEAAAAAAAAQIAAAsAEAAAAAAAARIAAA5AEAAAAAAAASIAAAxAEAAAAAAAATIAAA1AEAAAAAAAAgIAAAEAIAAAAAAAAwIAAAPAIAAAAAAAABwAAAhAEAAAAAAAARwAAAFAAAAAAAAAASwAAAlAEAAAAAAACA8AAARAIAAAAAAAAACAANABoAIwBiAAAAAAAAAgEAAAAAAAAABQAAAAAAAAAAAAAAAAAABKY=}}

@article{cox2013roles,
	author = {S. P. Cox and A. R. Kronlund and A. J. Benson},
	date-added = {2024-07-26 11:02:16 -0700},
	date-modified = {2024-07-26 11:02:16 -0700},
	doi = {10.1017/S0376892913000271},
	journal = {Environmental Conservation},
	number = {4},
	pages = {318--328},
	title = {\href{https://doi.org/10.1017/S0376892913000271}{The roles of biological reference points and operational control points in management procedures for the Sablefish (\emph{Anoplopoma fimbria}) fishery in British Columbia, Canada}},
	volume = {40},
	year = {2013},
	bdsk-file-1 = {YnBsaXN0MDDSAQIDBFxyZWxhdGl2ZVBhdGhYYm9va21hcmtfED4uLi8uLi8uLi8uLi8uLi8uLi8uLi9MaWJyYXJ5L1BhcGVycy9Db3gvMjAxMy9jb3gyMDEzcm9sZXNhLnBkZk8RBEhib29rSAQAAAAABBAwAAAAAAAAAAAAAAAAAAAAAAAAAAAAAAAAAAAAAAAAAAAAAABEAwAABQAAAAEBAABVc2VycwAAAAoAAAABAQAAc2Ruam9obnNvbgAABAAAAAEBAABXb3JrBwAAAAEBAABMaWJyYXJ5AAYAAAABAQAAUGFwZXJzAAADAAAAAQEAAENveAAEAAAAAQEAADIwMTMRAAAAAQEAAGNveDIwMTNyb2xlc2EucGRmAAAAIAAAAAEGAAAEAAAAFAAAACgAAAA0AAAARAAAAFQAAABgAAAAbAAAAAgAAAAEAwAAuVwAAAAAAAAIAAAABAMAAJOiAwAAAAAACAAAAAQDAAAZ3wUAAAAAAAgAAAAEAwAAe6IzAAAAAAAIAAAABAMAAH2iMwAAAAAACAAAAAQDAACarDMAAAAAAAgAAAAEAwAAm6wzAAAAAAAIAAAABAMAAJysMwAAAAAAIAAAAAEGAACwAAAAwAAAANAAAADgAAAA8AAAAAABAAAQAQAAIAEAAAgAAAAABAAAQcAsypYAAAAYAAAAAQIAAAEAAAAAAAAADwAAAAAAAAAAAAAAAAAAAAgAAAAEAwAABgAAAAAAAAAEAAAAAwMAAPUBAAAIAAAAAQkAAGZpbGU6Ly8vCgAAAAEBAABwaXNjYXRvcmVtAAAIAAAABAMAAACQgpbnAAAACAAAAAAEAABBxQd6oAAAACQAAAABAQAAQjdGRkQ3MzEtQ0M3Ri00N0Y4LTg4REItQTg3MEI0MTNCQzVFGAAAAAECAACBAAAAAQAAAO8TAAABAAAAAAAAAAAAAAABAAAAAQEAAC8AAAAAAAAAAQUAAPIAAAABAgAANmIzNGMzYjU5MjhmOThhNTE1NTAwMTI4ZjMzZGE0ZjcxMWE3ZmFjZWNiNjU0ZjMwMzU1NTdkOThiMzc2MWM0NzswMDswMDAwMDAwMDswMDAwMDAwMDswMDAwMDAwMDswMDAwMDAwMDAwMDAwMDIwO2NvbS5hcHBsZS5hcHAtc2FuZGJveC5yZWFkLXdyaXRlOzAxOzAxMDAwMDBlOzAwMDAwMDAwMDAzM2FjOWM7MDE7L3VzZXJzL3NkbmpvaG5zb24vd29yay9saWJyYXJ5L3BhcGVycy9jb3gvMjAxMy9jb3gyMDEzcm9sZXNhLnBkZgAAAMwAAAD+////AQAAAAAAAAAQAAAABBAAAIgAAAAAAAAABRAAADABAAAAAAAAEBAAAGgBAAAAAAAAQBAAAFgBAAAAAAAAAiAAADQCAAAAAAAABSAAAKQBAAAAAAAAECAAALQBAAAAAAAAESAAAOgBAAAAAAAAEiAAAMgBAAAAAAAAEyAAANgBAAAAAAAAICAAABQCAAAAAAAAMCAAAEACAAAAAAAAAcAAAIgBAAAAAAAAEcAAABQAAAAAAAAAEsAAAJgBAAAAAAAAgPAAAEgCAAAAAAAAAAgADQAaACMAZAAAAAAAAAIBAAAAAAAAAAUAAAAAAAAAAAAAAAAAAASw},
	bdsk-url-1 = {https://doi.org/10.1017/S0376892913000271}}

@article{dfo2023management,
	author = {{DFO}},
	date-added = {2024-07-26 11:01:06 -0700},
	date-modified = {2024-07-26 11:01:06 -0700},
	journal = {{DFO Can. Sci. Adv. Sec. Sci. Resp.}},
	number = {2023/002},
	title = {\href{https://www.dfo-mpo.gc.ca/csas-sccs/Publications/ScR-RS/2023/2023_002-eng.html}{Management strategy evaluation update and evaluation of upper stock reference point options for {Pacific} {Herring} (\emph{{Clupea} pallasii}) in {British} {Columbia}, {Canada}}},
	year = {2023},
	bdsk-file-1 = {YnBsaXN0MDDSAQIDBFxyZWxhdGl2ZVBhdGhYYm9va21hcmtfEDwuLi8uLi8uLi8uLi8uLi8uLi8uLi9MaWJyYXJ5L1BhcGVycy9ERk8vMjAyMy9kZm8yMDIzbWFuYS5wZGZPEQRAYm9va0AEAAAAAAQQMAAAAAAAAAAAAAAAAAAAAAAAAAAAAAAAAAAAAAAAAAAAAAAAPAMAAAUAAAABAQAAVXNlcnMAAAAKAAAAAQEAAHNkbmpvaG5zb24AAAQAAAABAQAAV29yawcAAAABAQAATGlicmFyeQAGAAAAAQEAAFBhcGVycwAAAwAAAAEBAABERk8ABAAAAAEBAAAyMDIzDwAAAAEBAABkZm8yMDIzbWFuYS5wZGYAIAAAAAEGAAAEAAAAFAAAACgAAAA0AAAARAAAAFQAAABgAAAAbAAAAAgAAAAEAwAAuVwAAAAAAAAIAAAABAMAAJOiAwAAAAAACAAAAAQDAAAZ3wUAAAAAAAgAAAAEAwAAe6IzAAAAAAAIAAAABAMAAH2iMwAAAAAACAAAAAQDAAD1pDMAAAAAAAgAAAAEAwAAbVw6BAAAAAAIAAAABAMAALhVOgQAAAAAIAAAAAEGAACsAAAAvAAAAMwAAADcAAAA7AAAAPwAAAAMAQAAHAEAAAgAAAAABAAAQcTfzLoSx4sYAAAAAQIAAAEAAAAAAAAADwAAAAAAAAAAAAAAAAAAAAgAAAAEAwAABgAAAAAAAAAEAAAAAwMAAPUBAAAIAAAAAQkAAGZpbGU6Ly8vCgAAAAEBAABwaXNjYXRvcmVtAAAIAAAABAMAAACQgpbnAAAACAAAAAAEAABBxQd6oAAAACQAAAABAQAAQjdGRkQ3MzEtQ0M3Ri00N0Y4LTg4REItQTg3MEI0MTNCQzVFGAAAAAECAACBAAAAAQAAAO8TAAABAAAAAAAAAAAAAAABAAAAAQEAAC8AAAAAAAAAAQUAAPAAAAABAgAAMDc5MDAwZjRjYjE0YmMxYmJkYjQwNjM2ZjBiYjJmYzEzOWNlZDIxNWRmNjI0N2YzOGQyNmZiYTg5NDMyMGRmNDswMDswMDAwMDAwMDswMDAwMDAwMDswMDAwMDAwMDswMDAwMDAwMDAwMDAwMDIwO2NvbS5hcHBsZS5hcHAtc2FuZGJveC5yZWFkLXdyaXRlOzAxOzAxMDAwMDBlOzAwMDAwMDAwMDQzYTU1Yjg7MDE7L3VzZXJzL3NkbmpvaG5zb24vd29yay9saWJyYXJ5L3BhcGVycy9kZm8vMjAyMy9kZm8yMDIzbWFuYS5wZGYAzAAAAP7///8BAAAAAAAAABAAAAAEEAAAhAAAAAAAAAAFEAAALAEAAAAAAAAQEAAAZAEAAAAAAABAEAAAVAEAAAAAAAACIAAAMAIAAAAAAAAFIAAAoAEAAAAAAAAQIAAAsAEAAAAAAAARIAAA5AEAAAAAAAASIAAAxAEAAAAAAAATIAAA1AEAAAAAAAAgIAAAEAIAAAAAAAAwIAAAPAIAAAAAAAABwAAAhAEAAAAAAAARwAAAFAAAAAAAAAASwAAAlAEAAAAAAACA8AAARAIAAAAAAAAACAANABoAIwBiAAAAAAAAAgEAAAAAAAAABQAAAAAAAAAAAAAAAAAABKY=}}

@article{cleary2018,
	author = {J. S. Cleary and S. Hawkshaw and M. H. Grinnell and C. Grandin},
	journal = {DFO Can. Sci. Advis. Sec. Res. Doc.},
	pages = {v + 285p},
	title = {\href{https://www.dfo-mpo.gc.ca/csas-sccs/Publications/ResDocs-DocRech/2018/2018_028-eng.html}{Status of {B.C.} {Pacific} {Herring} (\emph{{Clupea} pallasii}) in 2017 and forecasts for 2018}},
	volume = {2018/028},
	year = {2019}}

@article{dfo2009,
	author = {DFO},
	title = {\href{https://www.dfo-mpo.gc.ca/reports-rapports/regs/sff-cpd/precaution-eng.htm}{A fishery decision-making framework incorporating the precautionary approach}},
	year = {2009}}

@article{dfo2013,
	author = {DFO},
	journal = {Sustainable fisheries framework ({SFF}): A fishery decision-making framework incorporating the precautionary approach},
	title = {\href{https://waves-vagues.dfo-mpo.gc.ca/library-bibliotheque/40584781.pdf}{Guidance for the development of rebuilding plans under the precautionary approach framework: Growing stocks out of the critical zone}},
	year = {2013}}

@article{dfo2016,
	author = {DFO},
	journal = {DFO Can. Sci. Advis. Sec. Sci. Resp.},
	title = {\href{https://www.dfo-mpo.gc.ca/csas-sccs/Publications/ScR-RS/2016/2016_052-eng.html}{Stock assessment and management advice for {B.C.} {Pacific} {Herring}: 2016 status and 2017 forecast}},
	volume = {2016/052},
	year = {2016}}

@article{dfo2017,
	author = {DFO},
	pages = {178 p},
	title = {{Pacific Region} integrated fisheries management plan, {Pacific Herring}. {November} 7, 2017 to {November} 6, 2018},
	year = {2017}}

@article{dfo2019a,
	author = {DFO},
	journal = {DFO Can. Sci. Advis. Sec. Sci. Advis. Rep.},
	title = {\href{https://www.dfo-mpo.gc.ca/csas-sccs/Publications/SAR-AS/2019/2019_001-eng.html}{Evaluation of management procedures for {Pacific} {Herring} (\emph{{Clupea} pallasii}) in the {Strait} of {Georgia} and the {West} {Coast} of {Vancouver} {Island} management areas of {British} {Columbia}}},
	volume = {2019/001},
	year = {2019}}

@article{dfo2019b,
	author = {DFO},
	journal = {DFO Can. Sci. Advis. Sec. Sci. Resp.},
	title = {Status of {Pacifc} {Herring} (\emph{{Clupea} pallasii}) in 2018 and forecast for 2019},
	volume = {2019/001},
	year = {2019}}

@article{dfo2019c,
	author = {DFO},
	journal = {DFO Can. Sci. Advis. Sec. Sci. Resp.},
	title = {\href{https://www.dfo-mpo.gc.ca/csas-sccs/Publications/ScR-RS/2020/2020_003-eng.html}{Evaluation of management procedures for {Pacific} {Herring} (\emph{{Clupea} pallasii}) in {Haida} {Gwaii}, {Prince} {Rupert} {District} and the {Central} {Coast} management areas of {British} {Columbia}}},
	volume = {2020/003},
	year = {2020}}

@article{dfo2020a,
	author = {DFO},
	journal = {DFO Can. Sci. Advis. Sec. Sci. Resp.},
	title = {\href{https://www.dfo-mpo.gc.ca/csas-sccs/Publications/ScR-RS/2020/2020_004-eng.html}{Stock status update with application of management procedures for {Pacific} {Herring} (\emph{{Clupea} pallasii}) in {British} {Columbia}: Status in 2019 and forecast for 2020}},
	volume = {2020/004},
	year = {2020}}

@article{hall1988,
	author = {D. L. Hall and R. Hilborn and M. Stocker and C. J. Walters},
	issue = {12},
	journal = {Can. J. Fish. Aquat. Sci.},
	pages = {888-897},
	title = {Alternative harvest strategies for Pacific herring (\emph{{Clupea} harengus pallasi})},
	volume = {45},
	year = {1988}}

@article{herring2012,
	author = {DFO},
	journal = {DFO Can. Sci. Advis. Sec. Proceed. Ser.},
	title = {\href{https://publications.gc.ca/site/eng/433859/publication.html}{A review of the {Pacific} {Herring} assessment framework and stock assessment and management advice for {Pacific} {Herring}: 2011 status and 2012 forecasts}},
	volume = {2011/062},
	year = {2012}}

@article{kronlund2017,
	author = {A. R. Kronlund and R. E. Forrest and J. S. Cleary and M. H. Grinnell},
	journal = {DFO Can. Sci. Advis. Sec. Res. Doc.},
	pages = {ix + 125p},
	title = {\href{https://www.dfo-mpo.gc.ca/csas-sccs/Publications/ResDocs-DocRech/2018/2018_009-eng.html}{The selection and role of limit reference points for {Pacific} {Herring} (\emph{{Clupea} pallasii}) in {British} {Columbia}, {Canada}}},
	volume = {2018/009},
	year = {2017}}

@article{martell2011,
	author = {S. J. Martell and J.F. Schweigert and V. Haist and J. S. Cleary},
	journal = {DFO Can. Sci. Advis. Sec. Res. Doc.},
	pages = {xii + 151p},
	title = {\href{https://www.dfo-mpo.gc.ca/csas-sccs/Publications/ResDocs-DocRech/2011/2011_136-eng.html}{Moving towards the sustainable fisheries framework for {Pacific} {Herring}: data, models, and alternative assumptions; Stock assessment and management advice for the {British} {Columbia} {Pacific} {Herring} stocks: 2011 assessment and 2012 forecasts}},
	volume = {2011/136},
	year = {2011}}

@article{admb,
	author = {D. A. Fournier and H. J. Skaug and J. Ancheta and J. Ianelli and A. Magnusson and M. N. Maunder and A. Nielson and J. Sibert},
	journal = {Optim. Methods Softw.},
	pages = {1-21},
	title = {{AD Model Builder}: Using automatic differentiation for statistical inference of highly parameterized complex nonlinear models},
	volume = {27},
	year = {2012}}

@article{myers1999,
	author = {R. A. Myers and K. G. Bowen and N. J. Barrowman},
	issue = {12},
	journal = {Can. J. Fish. Aquat. Sci.},
	pages = {2404-2419},
	title = {Maximum reproductive rate of fish at low population sizes},
	volume = {56},
	year = {1999}}

@article{deriso2007,
	author = {R. B. Deriso and M. N. Maunder and J. R. Skalski},
	issue = {2},
	journal = {Can. J. Fish. Aquat. Sci.},
	pages = {187-197},
	title = {Variance estimation in integrated assessment models and its importance for hypothesis testing},
	volume = {64},
	year = {2007}}

@article{punt1999,
	author = {A. E. Punt and D. S. Butterworth},
	issue = {6},
	journal = {ICES J. Mar. Sci.},
	pages = {985-998},
	title = {Experiences in the evaluation and implementation of management procedures},
	volume = {56},
	year = {1999}}

@book{beverton1957,
	author = {R. J. H. Beverton and S. J. Holt},
	note = {Fish and Fisheries Series 11},
	pages = {533 p},
	publisher = {Chapman & Hall},
	title = {On the dynamics of exploited fish populations},
	year = {1957}}

@article{walters1994,
	author = {C. J. Walters and D. Ludwig},
	journal = {Can. J. Fish. Aquat. Sci.},
	pages = {713-722},
	title = {Calculation of {Bayes} posterior probability distributions for key population parameters},
	volume = {51},
	year = {1994}}

@article{fournier1982,
	author = {D. Fournier and C. Archibald},
	issue = {8},
	journal = {Can. J. Fish. Aquat. Sci.},
	pages = {1195-1207},
	title = {A general theory for analyzing catch at age data},
	volume = {39},
	year = {1982}}

@article{schnute1995,
	author = {J. T. Schnute and L. J. Richards},
	issue = {10},
	journal = {Can. J. Fish. Aquat. Sci.},
	pages = {2063-2077},
	title = {The influence of error on population estimates from catch-age models},
	volume = {52},
	year = {1995}}

@article{richards1997,
	author = {L. Richards and J. Schnute and N. Olsen},
	issue = {7},
	journal = {Can. J. Fish. Aquat. Sci.},
	pages = {1646-1658},
	title = {Visualizing catch-age analysis: A case study},
	volume = {54},
	year = {1997}}

@article{mcallister1997,
	author = {M. K. McAllister and J. Ianelli},
	issue = {2},
	journal = {Can. J. Fish. Aquat. Sci.},
	pages = {284-300},
	title = {Bayesian stock assessment using catch-age data and the sampling--importance resampling algorithm},
	volume = {54},
	year = {1997}}

@article{gavaris2002,
	author = {S. Gavaris and J. Ianelli},
	issue = {2},
	journal = {Scan. J. Stat.},
	pages = {245-267},
	title = {Statistical issues in fisheries' stock assessments},
	volume = {29},
	year = {2002}}

@article{dfo2021b,
	author = {DFO},
	journal = {DFO Can. Sci. Advis. Sec. Sci. Resp.},
	title = {\href{https://www.dfo-mpo.gc.ca/csas-sccs/Publications/ScR-RS/2021/2021_013-eng.html}{Updated evaluation of management procedures for {Pacific} {Herring} (\emph{{Clupea} pallasii}) in the {Strait} of {Georgia} and the {West} {Coast} of {Vancouver} {Island} management areas of {British} {Columbia}}},
	volume = {2021/013},
	year = {2021}}

@article{dfo2021c,
	author = {DFO},
	journal = {DFO Can. Sci. Advis. Sec. Sci. Resp.},
	title = {\href{https://www.dfo-mpo.gc.ca/csas-sccs/Publications/ScR-RS/2021/2021_039-eng.html}{Stock status update with application of management procedures for {Pacific} {Herring} (\emph{{Clupea} pallasii}) in {British} {Columbia}: Status in 2021 and forecast for 2022}},
	volume = {2021/039},
	year = {2021}}

@article{dfo2021a,
	author = {DFO},
	journal = {DFO Can. Sci. Advis. Sec. Sci. Resp.},
	title = {\href{https://www.dfo-mpo.gc.ca/csas-sccs/Publications/ScR-RS/2021/2021_001-eng.html}{Stock status update with application of management procedures for {Pacific} {Herring} (\emph{{Clupea} pallasii}) in {British} {Columbia}: Status in 2020 and forecast for 2021}},
	volume = {2021/001},
	year = {2021}}

@article{benson2022,
	author = {A. J. Benson and J. S. Cleary and S. P. Cox and S. Johnson and M. H. Grinnell},
	journal = {DFO Can. Sci. Advis. Sec. Res. Doc.},
	pages = {viii + 70p},
	title = {\href{https://www.dfo-mpo.gc.ca/csas-sccs/Publications/ResDocs-DocRech/2022/2022_048-eng.html}{Performance of management procedures for {British} {Columbia} {Pacific} {Herring} (\emph{{Clupea} pallasii}) in the presence of model uncertainty: Closing the gap between precautionary fisheries theory and practice}},
	volume = {2022/048},
	year = {2022}}

@article{dfo2022a,
	author = {DFO},
	journal = {DFO Can. Sci. Advis. Sec. Sci. Resp.},
	title = {\href{https://www.dfo-mpo.gc.ca/csas-sccs/Publications/ScR-RS/2023/2023_002-eng.html}{Management strategy evaluation update and evaluation of upper stock reference point options for {Pacific} {Herring} (\emph{{Clupea} pallasii}) in {British} {Columbia}, {Canada}}},
	volume = {2023/002},
	year = {2023}}

@article{dfo2022b,
	author = {DFO},
	journal = {DFO Can. Sci. Advis. Sec. Sci. Resp.},
	title = {\href{https://www.dfo-mpo.gc.ca/csas-sccs/Publications/ScR-RS/2022/2022_046-eng.html}{Stock status update with application of management procedures for {Pacific} {Herring} (\emph{{Clupea} pallasii}) in {British} {Columbia}: Status in 2022 and forecast for 2023}},
	volume = {2022/046},
	year = {2022}}

@article{dfo2022c,
	author = {DFO},
	title = {\href{https://www.dfo-mpo.gc.ca/about-notre-sujet/publications/infographics-infographies/soto-rceo/2021/herring-hareng-eng.html}{{Canada}'s oceans now: Pacific ecosystems 2021 - Ecosystem pressures on {Pacific} herring life history}},
	year = {2022}}

@article{dfo2023a,
	author = {DFO},
	journal = {DFO Can. Sci. Advis. Sec. Sci. Advis. Rep.},
	title = {\href{https://www.dfo-mpo.gc.ca/csas-sccs/Publications/SAR-AS/2023/2023_040-eng.html}{Application of a new modelling framework for the assessment of {Pacific} {Herring} (\emph{{Clupea} pallasii}) major stocks and implementation in the management strategy evaluation process}},
	volume = {2023/040},
	year = {2023}}

@article{boldt2022,
	author = {J. L. Boldt and H. M. Murphy and J.-M. Chamberland and A. Debertin and S. Gauthier and B. Hackett and P. S. Hagel and A. R. Majewski and J. L. {McDermid} and D. M{\'e}rette and C. Robinson and C. N. Rooper and B. Sherbo and E. {Van Beveren} and W. Walkusz},
	journal = {Can. J. Fish. Aquat. Sci.},
	pages = {1911--1933},
	title = {\href{http://dx.doi.org/10.1139/cjfas-2022-0060}{{Canada}'s forage fish: An important but poorly understood component of marine ecosystem}},
	volume = {79},
	year = {2022}}

@article{boldt2023,
	author = {J. L. Boldt and E. Joyce and S. Tucker and S. Gautier},
	journal = {Can. Tech. Rep. Fish. Aquat. Sci.},
	pages = {viii + 312p},
	title = {\href{https://www.dfo-mpo.gc.ca/oceans/publications/soto-rceo/2022/technical-report-rapport-technique-eng.html}{State of the physical, biological and selected fishery resources of {Pacific} {Canadian} marine ecosystems in 2022}},
	volume = {3542},
	year = {2023}}

@article{elliott2002,
	author = {M. Elliott},
	issue = {6},
	journal = {Mar. Pollut. Bull.},
	pages = {iii-vii},
	title = {\href{https://doi.org/10.1016/S0025-326X(02)00146-7}{The role of the {DPSIR} approach and conceptual models in marine environmental management: An example for offshore wind power}},
	volume = {44},
	year = {2002}}

@article{bundy2017,
	author = {A. Bundy and C. Gomez and A. Cook},
	journal = {Can. Tech. Rep. Fish. Aquat. Sci.},
	pages = {xii + 212p},
	title = {\href{https://doi.org/10.13140/RG.2.2.17297.12647}{Guidance framework for the selection and evaluation of ecological indicators}},
	volume = {3232},
	year = {2017}}

@article{takahashi2019,
	editor = {M. Takahashi and R. I. Perry},
	journal = {PICES Sci. Rep.},
	title = {\href{https://meetings.pices.int/publications/annual-reports/2012/2012-WG28.pdf}{Report of working group 28 on development of ecosystem indicators to characterize ecosystem responses to multiple stressors}},
	volume = {55},
	year = {2019}}

@article{boldt2014,
	author = {J. L. Boldt and R. Martone and J. Samhouri and R. I. Perry and S. Itoh and I. K. Chung and M. Takahashi and N. Yoshie},
	issue = {4},
	journal = {Oceanography},
	pages = {116-133},
	title = {\href{http://dx.doi.org/10.5670/oceanog.2014.91}{Developing ecosystem indicators for responses to multiple stressors}},
	volume = {27},
	year = {2014}}

@article{boldt2021,
	author = {J. L. Boldt and C. Fu and E. Hazen and M. Hunsicker and R. I. Perry and S. Xiujuan},
	journal = {Ecol. Ind.},
	pages = {108-232},
	title = {\href{https://doaj.org/article/0e0fca4cfb6648229b5905dd760fdfc1}{Quantifying ecosystem responses to environmental and human pressures on the west coast of {Vancouver} {Island}}},
	volume = {132},
	year = {2021}}

@article{rice2005,
	author = {J. C. Rice and M. J. Rochet},
	journal = {ICES J. Mar. Sci.},
	pages = {516-527},
	title = {\href{https://doi.org/10.1016/j.icesjms.2005.01.003}{A framework for selecting a suite of indicators for fisheries management}},
	volume = {62},
	year = {2005}}

@article{mackas2001,
	author = {D. L. Mackas and R. E. Thomson and M. Galbraith},
	journal = {Can. J. Fish. Aquat. Sci.},
	pages = {685--702},
	title = {\href{https://doi.org/10.1139/cjfas-58-4-685}{Changes in the zooplankton community of the {British} {Columbia} continental margin, 1985-1999, and their covariation with oceanographic conditions}},
	volume = {58},
	year = {2001}}

@article{hourston2019,
	author = {R. A. S. Hourston and R. E. Thomson},
	journal = {Can. Tech. Rep. Fish. Aquat. Sci.},
	pages = {vii + 248p},
	title = {\href{https://www.dfo-mpo.gc.ca/oceans/publications/soto-rceo/2018/index-eng.html}{Wind-driven upwelling/downwelling along the northwest coast of {North} {America}: Timing and magnitude {In} {J. L. Boldt}, {J. Leonard}, and {P. C. Chandler} ({Eds.}), {State} of the physical, biological and selected fishery resources of {Pacific} {Canadian} marine ecosystems in 2018}},
	volume = {3314},
	year = {2019}}

@article{tester1948,
	author = {A. L. Tester},
	journal = {Trans. R. Soc. Can.},
	pages = {135-163},
	title = {The efficacy of catch limitations in regulating the {British} {Columbia} herring fishery},
	volume = {62},
	year = {1948}}

@article{alderdice1985,
	author = {D. F. Alderdice and A. S. Hourston},
	journal = {Can. J. Fish. Aquat. Sci.},
	pages = {56-68},
	title = {\href{https://doi.org/10.1139/f85-262}{Factors influencing development and survival of {Pacific} {Herring} (\emph{{Clupea} harengus pallasi}) eggs and larvae to beginning of exogenous feeding}},
	volume = {42 (Suppl 1)},
	year = {1985}}

@article{stocker1985,
	author = {M. Stocker and V. Haist and D. Fournier},
	journal = {Can. J. Fish. Aquat. Sci.},
	pages = {174-180},
	title = {\href{https://doi.org/10.1139/f85-272}{Environmental variation and recruitment of {Pacific} {Herring} (\emph{{Clupea} harengus pallasi}) in the {Strait} of {Georgia}}},
	volume = {42 (Suppl 1)},
	year = {1985}}

@article{stocker1988,
	author = {M. Stocker and D. J. Noakes},
	journal = {Can. J. Fish. Aquat. Sci.},
	pages = {928-935},
	title = {\href{https://doi.org/10.1139/f88-114}{Evaluating forecasting procedures for predicting {Pacific} {Herring} (\emph{{Clupea} harengus pallasi}) recruitment in {British} {Columbia}}},
	volume = {45},
	year = {1985}}

@article{schweigert1990,
	author = {J. F. Schweigert and D. J. Noakes},
	issue = {01},
	journal = {Alaska Sea Grant Report},
	pages = {373-387},
	title = {Forecasting {Pacific} {Herring} (\emph{{Clupea} harengus pallasi}) recruitment from spawner abundance and environmental information},
	volume = {91},
	year = {1990}}

@article{ware1991,
	author = {D. M. Ware},
	journal = {Reviews in Fish Biology and Fisheries},
	pages = {279-291},
	title = {\href{https://doi.org/10.1007/BF00045041}{Climate, predators and prey: Behaviour of a linked oscillating system {In} {T. Kawasaki}, {S. Tanaka}, {Y. Toba}, and {A. Taniguchi} ({Eds.}) {Long}-term variability of pelagic fish populations and their environment}},
	volume = {2},
	year = {1991}}

@article{zebdi1995,
	author = {A. Zebdi and J. S. Collie},
	journal = {Can. Spec. Publ. Fish. Aquat. Sci.},
	pages = {277-290},
	title = {\href{https://publications.gc.ca/collections/collection_2016/cnrc-nrc/Fs41-31-121-eng.pdf}{Effect of climate on herring (\emph{{Clupea} pallasi}) population dynamics in the {Northeast} {Pacific} {Ocean} {In} {R. J. Beamish} ({Ed.}) {Climate} change and northern fish populations}},
	volume = {121},
	year = {1995}}

@article{ware2005,
	author = {D. M. Ware and R. E. Thompson},
	journal = {Science},
	pages = {1280-1284},
	title = {\href{https://doi.org/10.1126/science.1109049}{Bottom-up ecosystem trophic dynamics determine fish production in the {Northeast} {Pacific}}},
	volume = {308},
	year = {2005}}

@article{mackas2007,
	author = {D. L. Mackas and S. Batten and M. Trudel},
	journal = {Prog. Oceanogr.},
	pages = {223--252},
	title = {\href{https://doi.org/10.1016/j.pocean.2007.08.010}{Effects on zooplankton of a warmer ocean: Recent evidence from the {Northeast} {Pacific}}},
	volume = {75},
	year = {2007}}

@article{boldt2018,
	author = {J. L. Boldt and M. Thompson and C. N. Rooper and D. E. Hay and J. F. Schweigert and T. J. {Quinn II} and J. S. Cleary and C. M. Neville.},
	journal = {Marine Ecology Progress Series},
	pages = {53-66},
	title = {\href{https://doi.org/10.3354/meps12485}{Bottom-up and top-down control of small pelagic forage fish: Factors affecting juvenile herring in the {Strait} of {Georgia}, {British} {Columbia}}},
	volume = {617-618},
	year = {2018}}

@article{keister2011,
	author = {J. E. Keister and E. {Di Lorenzo} and C. A. Morgan and V. Combes and W. T. Peterson},
	journal = {Glob. Chang. Biol.},
	pages = {2498--2511},
	title = {\href{https://doi.org/https://doi.org/10.1111/j.1365-2486.2010.02383.x}{Zooplankton species composition is linked to ocean transport in the {Northern} {California} {Current}}},
	volume = {17},
	year = {2011}}

@article{ware1986,
	author = {D. Ware and G. {McFarlane}},
	journal = {Can. J. Fish. Aquat. Sci.},
	pages = {464-497},
	title = {\href{https://www.researchgate.net/publication/281980948}{Relative impact of {Pacific} hake, sablefish and {Pacific} cod on west coast of {Vancouver} {Island} herring stocks {In} {Symposium} on biological interactions in the {North} {Pacific} {Region} and on factors affecting recruitment, distribution, and abundance of non-anadromous species}},
	volume = {43},
	year = {1986}}

@article{godefroid2019,
	author = {M. Godefroid and J. L. Boldt and J. T. Thorson and R. Forrest and S. Gauthier and L. Flostrand and R. I. Perry and A. R. S. Ross and M. Galbraith},
	journal = {Prog. Oceanogr.},
	pages = {102-198},
	title = {\href{https://doi.org/10.1016/j.pocean.2019.102198}{Spatio-temporal models provide new insights on the biotic and abiotic drivers shaping {Pacific} {Herring} (\emph{{Clupea} pallasi}) distribution}},
	volume = {178},
	year = {2019}}

@article{mysak1986,
	author = {L.A. Mysak},
	journal = {Can. J. Fish. Aquat. Sci.},
	pages = {464-497},
	title = {\href{https://doi.org/10.1139/f86-057}{{El} {Ni{\~n}o} interannual variability and fisheries in the {Northeast} {Pacific} {Ocean}}},
	volume = {43},
	year = {1986}}

@article{ware1995,
	author = {D. Ware and G. {McFarlane}},
	journal = {Can. Spec. Pub. Fish. Aquat. Sci.},
	pages = {509--521},
	title = {\href{https://www.researchgate.net/publication/305765282}{Climate-induced changes in {Pacific} hake (\emph{{Merluccius} productus}) abundance and pelagic community interactions in the {Vancouver} {Island} upwelling system {In} {Climate} change and northern fish populations}},
	year = {1995}}

@article{schweigert2010,
	author = {J. F. Schweigert and J. L. Boldt and L. Flostrand and J. S. Cleary},
	journal = {ICES J. Mar. Sci.},
	pages = {1903-1913},
	title = {\href{http://dx.doi.org/10.1093/icesjms/fsq134}{A review of factors limiting recovery of {Pacific} herring stocks in {Canada}}},
	volume = {67},
	year = {2010}}

@article{schweigert2013,
	author = {J. F. Schweigert and M. Thompson and C. Fort and D. E. Hay and T. W. Therriault and L. N. Brown},
	journal = {Prog. Oceanogr.},
	pages = {103-110},
	title = {\href{https://doi.org/10.1016/j.pocean.2013.05.017}{Factors linking {Pacific} herring (\emph{{Clupea} pallasi}) productivity and the spring plankton bloom in the {Strait} of {Georgia}, {British} {Columbia}, {Canada}}},
	volume = {115},
	year = {2013}}

@article{best2015,
	author = {B. D. Best and C. H. Fox and R. Williams and P. N. Halpin and P. C. Paquet},
	journal = {J. Cetacean Res. Manage.},
	pages = {9-26},
	title = {\href{http://dx.doi.org/10.47536/jcrm.v15i1.511}{Updated marine mammal distribution and abundance estimates in {British} {Columbia}}},
	volume = {15},
	year = {2015}}

@article{ford2010,
	author = {J. K. B. Ford and R. M. Abernethy and A. V. Phillips and J. Calambokidis and G. M. Ellis and L. M. Nichol},
	journal = {Can. Tech. Rep. Fish. Aquat. Sci},
	pages = {v + 51p},
	title = {\href{https://publications.gc.ca/site/eng/400187/publication.html}{Distribution and relative abundance of cetaceans in western {Canadian} waters from ship surveys, 2002-2008}},
	volume = {2913},
	year = {2010}}

@article{grinnell2023,
	author = {M. H. Grinnell and J. S. Schweigert and M. Thompson and S. Hawkshaw and J. S. Cleary},
	journal = {Can. Tech. Rep. Fish. Aquat. Sci.},
	pages = {viii + 45p},
	title = {\href{https://waves-vagues.dfo-mpo.gc.ca/library-bibliotheque/41216787.pdf}{Calculating the spawn index for {Pacific} {Herring} (\emph{{Clupea} pallasii}) in {British} {Columbia}}},
	volume = {3489},
	year = {2023}}

@article{dfo2024,
	author = {DFO},
	journal = {DFO Can. Sci. Advis. Sec. Sci. Resp.},
	title = {\href{https://www.dfo-mpo.gc.ca/csas-sccs/Publications/ScR-RS/2024/2024_001-eng.html}{Stock status update with application of management procedures for {Pacific} {Herring} (\emph{{Clupea} pallasii}) in {British} {Columbia}: Status in 2023 and forecast for 2024}},
	volume = {2024/001},
	year = {2024}}

@article{johnson2024,
	author = {S. D. N. Johnson and S. P. Cox and J. S. Cleary and A. J. Benson and S. J. H. Power and S. P. Rossi},
	journal = {DFO Can. Sci. Advis. Sec. Res. Doc.},
	pages = {iv + 259p},
	title = {\href{https://www.dfo-mpo.gc.ca/csas-sccs/Publications/ResDocs-DocRech/2022/2022_048-eng.html}{UPDATE URL and pg numbers Application of a new modelling framework for the assessment of {Pacific} {Herring} (\emph{{Clupea} pallasii}) major stocks and implementation in the management strategy evaluation process}},
	volume = {2024/066},
	year = {2024}}


@article{forrest2023,
	author = {R. E. Forrest and A. R. Kronlund and J. S. Cleary and M. H. Grinnell},
	journal = {Can. J. Fish. Aquat. Sci.},
	pages = {9-26},
	title = {\href{https://doi.org/10.1139/cjfas-2022-0168}{An evidence-based approach for selecting a limit reference point for Pacific herring {Clupea} {pallasii)} stocks (\emph{{Clupea} pallasii}) in {British} {Columbia}, Canada}},
	volume = {80},
	year = {2023}}

